@article{scherbaum2011computer,
    author    = "Scherbaum, Kristina and Ritschel, Tobias and Hullin, Matthias and Thorm{\"a}hlen, Thorsten and Blanz, Volker and Seidel, Hans-Peter",
    title     = "Com\-puter-suggested Facial Makeup",
    journal   = "Comp. Graph. Forum (Proc. Eurographics 2011)",
    volume    = "30",
    number    = "2",
    year      = "2011",
}

@inproceedings{alashkar2017rule,
    author       = "Alashkar, Taleb and Jiang, Songyao and Fu, Yun",
    title        = "Rule-based facial makeup recommendation system",
    booktitle    = "2017 12th IEEE International Conference on Automatic Face \& Gesture Recognition (FG 2017)",
    publisher    = "IEEE",
    howpublished = "Remote access (28.01.2021): \url{https://ieeexplore.ieee.org/iel7/7959734/7961704/07961759.pdf}",
    year         = "2017",
}

@inproceedings{park2018automatic,
    author       = "Park, Jisoo and Kim, Hyungjoon and Ji, Seonmi and Hwang, Eenjun",
    title        = "An Automatic Virtual Makeup Scheme Based on Personal Color Analysis",
    booktitle    = "Proceedings of the 12th International Conference on Ubiquitous Information Management and Communication",
    publisher    = "Association for Computing Machinery",
    howpublished = "Remote access (28.01.2021): \url{https://doi.org/10.1145/3164541.3164612}",
    year         = "2018",
}

@misc{shreyank2019using,
    author          = "Shreyank Narayana Gowda",
    title           = "Using colorization as a tool for automatic makeup suggestion",
    year            = 2019,
    archivePrefix   = "arXiv",
    eprint          = "1906.07421",
    primaryClass    = "cs.CV",
}

@misc{OpenAI_generative,
    author          = "OpenAI",
    title           = "Generative Models",
    howpublished    = "Remote access (28.01.2021): \url{https://openai.com/blog/generative-models}",
    year            = "2016"
}

@inproceedings{goodfellow2014generative,
    author          = "Goodfellow, Ian and Pouget-Abadie, Jean and Mirza, Mehdi and Xu, Bing and Warde-Farley, David and Ozair, Sherjil and Courville, Aaron and Bengio, Yoshua",
    title           = "Generative Adversarial Nets",
    booktitle       = "Advances in Neural Information Processing Systems",
    publisher       = "Curran Associates, Inc.",
    howpublished    = "Remote access (28.01.2021): \url{https://proceedings.neurips.cc/paper/2014/file/5ca3e9b122f61f8f06494c97b1afccf3-Paper.pdf}",
    year            = "2014"
}

@misc{mirza2014conditional,
    author          = "Mehdi Mirza and Simon Osindero",
    title           = "Conditional Generative Adversarial Nets",
    year            = "2014",
    archivePrefix   = "arXiv",
    eprint          = "1411.1784",
    primaryClass    = "cs.LG",
}

@misc{weng2019gan,
    author          = "Lilian Weng",
    title           = "From {GAN} to {WGAN}",
    year            = "2019",
    archivePrefix   = "arXiv",
    eprint          = "1904.08994",
    primaryClass    = "cs.LG",
}

@misc{huszar2015not,
    author          = "Ferenc Huszár",
    title           = "How (not) to Train your Generative Model: Scheduled Sampling, Likelihood, Adversary?",
    year            = "2015",
    archivePrefix   = "arXiv",
    eprint          = "1511.05101",
    primaryClass    = "stat.ML",
}

@misc{borji2018pros,
    author          = "Ali Borji",
    title           = "Pros and Cons of {GAN} Evaluation Measures",
    year            = "2018",
    archivePrefix   = "arXiv",
    eprint          = "1802.03446",
    primaryClass    = "cs.CV",
}

@inproceedings{arjovsky2017wasserstein,
    author          = "Martin Arjovsky and Soumith Chintala and L{\'e}on Bottou",
    title           = "{W}asserstein Generative Adversarial Networks",
    booktitle       = "Proceedings of the 34th International Conference on Machine Learning",
    publisher       = "PMLR",
    howpublished    = "Remote access (28.01.2021): \url{http://proceedings.mlr.press/v70/arjovsky17a/arjovsky17a.pdf}",
    year            = "2017"
}

@inproceedings{gulrajani2017improved,
    author          = "Gulrajani, Ishaan and Ahmed, Faruk and Arjovsky, Martin and Dumoulin, Vincent and Courville, Aaron C",
    title           = "Improved Training of Wasserstein GANs",
    booktitle       = "Advances in Neural Information Processing Systems",
    publisher       = "Curran Associates, Inc.",
    howpublished    = "Remote access (28.01.2021): \url{https://proceedings.neurips.cc/paper/2017/file/892c3b1c6dccd52936e27cbd0ff683d6-Paper.pdf}",
    year            = "2017"
}

@misc{mlkit,
    author       = "Google",
    title        = "ML Kit",
    howpublished = "Remote access (28.01.2021): \url{https://developers.google.com/ml-kit}",
    year         = "2020"
}

@misc{mlkit-samples,
    author       = "Google",
    title        = "ML Kit Samples",
    howpublished = "Remote access (28.01.2021): \url{https://github.com/googlesamples/mlkit}",
    year         = "2020"
}

@misc{spline,
    author       = "{Particle In Cell Consulting LLC}",
    title        = "Smooth Bézier Spline Through Prescribed Points",
    howpublished = "Remote access (28.01.2021): \url{https://www.particleincell.com/2012/bezier-splines}",
    year         = "2012"
}

@incollection{MTCNN-Zhang,
    author       = "Kaipeng Zhang and Zhanpeng Zhang and Zhifeng Li",
    title        = "Joint Face Detection and Alignment using Multi-task Cascaded Convolutional Networks",
    booktitle    = "IEEE Signal Processing Letters, vol 23, no 10",
    publisher    = "IEEE",
    howpublished = "Remote access (28.01.2021): \url{https://arxiv.org/ftp/arxiv/papers/1604/1604.02878.pdf}",
    pages        = "1499-1503",
    year         = "2016",
}

@misc{faceparsing,
    author       = "zllrunning",
    title        = "face-parsing.PyTorch",
    howpublished = "Remote access (28.01.2021): \url{https://github.com/zllrunning/face-parsing.PyTorch}",
    year         = "2019"
}

@inproceedings{wang2012svm,
    author       = "Wang, Xuejun and Wang, Shuang and Zhu, Yubin and Meng, Xiangyi",
    title        = "Image segmentation based on support vector machine",
    booktitle    = "Proceedings of 2012 2nd International Conference on Computer Science and Network Technology",
    publisher    = "IEEE",
    howpublished = "Remote access (28.01.2021): \url{https://ieeexplore.ieee.org/iel7/6519162/6525877/06525921.pdf}",
    year         = "2012",
}

@inproceedings{krizhevsky2012conv,
    author       = "Krizhevsky, Alex and Sutskever, Ilya and Hinton, Geoffrey E",
    title        = "ImageNet Classification with Deep Convolutional Neural Networks",
    booktitle    = "Advances in Neural Information Processing Systems",
    publisher    = "Curran Associates, Inc.",
    howpublished = "Remote access (28.01.2021): \url{https://proceedings.neurips.cc/paper/2012/file/c399862d3b9d6b76c8436e924a68c45b-Paper.pdf}",
    year         = "2012",
}

@inproceedings{wang2017residual,
    author       = "Wang, Fei and Jiang, Mengqing and Qian, Chen and Yang, Shuo and Li, Cheng and Zhang, Honggang and Wang, Xiaogang and Tang, Xiaoou",
    title        = "Residual attention network for image classification",
    booktitle    = "Proceedings of the IEEE conference on computer vision and pattern recognition",
    howpublished = "Remote access (28.01.2021): \url{https://openaccess.thecvf.com/content_cvpr_2017/papers/Wang_Residual_Attention_Network_CVPR_2017_paper.pdf}",
    year         = "2017",
}

@misc{BiSeNet,
    author         = "Changqian Yu and Jingbo Wang and Chao Peng and Changxin Gao and Gang Yu and Nong Sang",
    title          = "BiSeNet: Bilateral Segmentation Network for Real-time Semantic Segmentation",
    year           = 2018,
    archivePrefix  = "arXiv",
    eprint         = "1808.00897",
    primaryClass   = "cs.CV",
}

@inproceedings{tkalcic2003colorspaces,
    author          = "M. {Tkalcic} and J. F. {Tasic}",
    title           = "Colour spaces: perceptual, historical and applicational background",
    booktitle       = "The IEEE Region 8 EUROCON 2003. Computer as a Tool.",
    publisher       = "IEEE",
    year            = "2003"
}

@inproceedings{wang2019youmakeup,
    title           = "{Y}ou{M}akeup: A Large-Scale Domain-Specific Multimodal Dataset for Fine-Grained Semantic Comprehension",
    author          = "Wang, Weiying  and Wang, Yongcheng  and Chen, Shizhe  and Jin, Qin",
    booktitle       = "2019 Conference on Empirical Methods in Natural Language Processing and the 9th International Joint Conference on Natural Language Processing (EMNLP-IJCNLP)",
    year            = "2019",
    publisher       = "Association for Computational Linguistics"
}

@misc{opencv,
    author          = "OpenCV",
    title           = "Open Source Computer Vision Library",
    howpublished    = "Remote access (28.01.2021): \url{https://opencv.org}",
    year            = "2015"
}

@article{scikit-learn,
    author    = "Pedregosa, F. and Varoquaux, G. and Gramfort, A. and Michel, V. and Thirion, B. and Grisel, O. and Blondel, M. and Prettenhofer, P. and Weiss, R. and Dubourg, V. and Vanderplas, J. and Passos, A. and Cournapeau, D. and Brucher, M. and Perrot, M. and Duchesnay, E.",
    title     = "Scikit-learn: Machine Learning in {P}ython",
    journal   = "Journal of Machine Learning Research",
    volume    = "12",
    pages     = "2825--2830",
    year      = "2011",
}

@article{dropout,
    author    = "Srivastava, Nitish and Hinton, Geoffrey and Krizhevsky, Alex and Sutskever, Ilya and Salakhutdinov, Ruslan",
    title     = "Dropout: A Simple Way to Prevent Neural Networks from Overfitting",
    journal   = "J. Mach. Learn. Res.",
    volume    = "15",
    number    = "1",
    pages     = "1929–-1958",
    publisher = "JMLR.org",
    year      = "2014",
}

@inproceedings{maas13relu,
    author       = "Andrew L. Maas and Awni Y. Hannun and Andrew Y. Ng",
    title        = "Rectifier nonlinearities improve neural network acoustic models",
    booktitle    = "ICML Workshop on Deep Learning for Audio, Speech and Language Processing",
    howpublished = "Remote access (28.01.2021): \url{https://ai.stanford.edu/~amaas/papers/relu_hybrid_icml2013_final.pdf}",
    year         = "2013",
}

@misc{kingma2017adam,
    author         = "Diederik P. Kingma and Jimmy Ba",
    title          = "Adam: A Method for Stochastic Optimization",
    year           = 2017,
    archivePrefix  = "arXiv",
    eprint         = "1412.6980",
    primaryClass   = "cs.LG",
}

@inproceedings{feydy2019interpolating,
    author       = "Feydy, Jean and S{\'e}journ{\'e}, Thibault and Vialard, Fran{\c{c}}ois-Xavier and Amari, Shun-ichi and Trouve, Alain and Peyr{\'e}, Gabriel",
    title        = "Interpolating between Optimal Transport and {MMD} using {S}inkhorn Divergences",
    booktitle    = "The 22nd International Conference on Artificial Intelligence and Statistics",
    publisher    = "PMLR",
    howpublished = "Remote access (28.01.2021): \url{http://proceedings.mlr.press/v89/feydy19a/feydy19a.pdf}",
    year         = "2019",
}

@misc{hdmedians,
    author       = "Dale Roberts",
    title        = "High-dimensional medians",
    howpublished = "Remote access (28.01.2021): \url{https://github.com/daleroberts/hdmedians}",
    year         = "2020"
}

@incollection{virtuallipstick,
    author      = "Gozde Yolcu Oztel and Serap Kazan",
    title       = "Virtual Makeup Application Using Image Processing Methods",
    booktitle   = "International Journal of Scientific Engineering and Applied Science - Volume 1, Issue 5",
    publisher   = "IJSEAS",
    pages       = "401--404",
    year        = "2015",
}

@misc{pytorch,
    author       = "Facebook AI Research Lab",
    title        = "PyTorch",
    howpublished = "Remote access (28.01.2021): \url{https://pytorch.org}",
    year         = "2020"
}

@misc{flask,
    author       = "Armin Ronacher",
    title        = "Flask",
    howpublished = "Remote access (28.01.2021): \url{https://palletsprojects.com/p/flask}",
    year         = "2020"
}

@misc{colorpicker,
    author       = "Hong Duan",
    title        = "ColorPicker",
    howpublished = "Remote access (28.01.2021): \url{https://github.com/duanhong169/ColorPicker}",
    year         = "2019"
}

@misc{CameraX,
    author       = "{Android Developers}",
    title        = "CameraX",
    howpublished = "Remote access (28.01.2021): \url{https://developer.android.com/training/camerax}",
    year         = "2020"
}

@misc{OkHttp,
    author       = "{Square Inc.}",
    title        = "OkHttp",
    howpublished = "Remote access (28.01.2021): \url{https://square.github.io/okhttp}",
    year         = "2020"
}

@misc{Python,
    author       = "{Python Software Foundation}",
    title        = "Python",
    howpublished = "Remote access (28.01.2021): \url{https://www.python.org}",
    year         = "2020"
}

@misc{Java,
    author       = "{Oracle Corporation}",
    title        = "Java",
    howpublished = "Remote access (28.01.2021): \url{https://java.com}",
    year         = "2020"
}

@misc{Kotlin,
    author       = "{JetBrains}",
    title        = "Kotlin",
    howpublished = "Remote access (28.01.2021): \url{https://kotlinlang.org}",
    year         = "2020"
}

@misc{Android,
    author       = "{Open Handset Alliance}",
    title        = "Android",
    howpublished = "Remote access (28.01.2021): \url{https://www.android.com}",
    year         = "2020"
}

@misc{facenet,
    author       = "Tim Esler",
    title        = "Face Recognition Using Pytorch",
    howpublished = "Remote access (28.01.2021): \url{https://github.com/timesler/facenet-pytorch}",
    year         = "2020"
}

@misc{pico,
    author         = "Nenad Markus and Miroslav Frljak and Igor S. Pandzic and J{\"{o}}rgen Ahlberg and Robert Forchheimer",
    title          = "A method for object detection based on pixel intensity comparisons",
    year           = 2013,
    archivePrefix  = "arXiv",
    eprint         = "1305.4537",
    primaryClass   = "cs.CV",
}

@inproceedings{kazemi2014one,
    author       = "Vahid Kazemi and Josephine Sullivan",
    title        = "One Millisecond Face Alignment with an Ensemble of Regression Trees",
    booktitle    = "CVPR",
    howpublished = "Remote access (28.01.2021): \url{http://www.csc.kth.se/~vahidk/papers/KazemiCVPR14.pdf}",
    year         = "2014",
}